\begin{thebibliography}{}
%% Formats taken from
%%		http://www.bibtex.org/Using/
%%		http://www.bibtex.org/Format/
%%		https://www.economics.utoronto.ca/osborne/latex/BIBTEX.HTM
%% 		https://verbosus.com/bibtex-style-examples.html

@inproceedings{Chen93,
 author = {Chen, Shenchang Eric and Williams, Lance},
 title = {View Interpolation for Image Synthesis},
 booktitle = {Proceedings of the 20th Annual Conference on Computer Graphics and Interactive Techniques},
 series = {SIGGRAPH '93},
 year = {1993},
 isbn = {0-89791-601-8},
 location = {Anaheim, CA},
 pages = {279--288},
 numpages = {10},
 url = {http://doi.acm.org/10.1145/166117.166153},
 doi = {10.1145/166117.166153},
 acmid = {166153},
 publisher = {ACM},
 address = {New York, NY, USA},
 keywords = {image morphing, incremental rendering, interpolation, motion blur, motion compensation, real-time display, shadow, virtual holography, virtual reality},
}

@incollection{Longuet-Higgins:1987:CAR:33517.33523,
 author = {Longuet-Higgins, H. C.},
 chapter = {A Computer Algorithm for Reconstructing a Scene from Two Projections},
 title = {Readings in Computer Vision: Issues, Problems, Principles, and Paradigms},
 editor = {Fischler, Martin A. and Firschein, Oscar},
 year = {1987},
 isbn = {0-934613-33-8},
 pages = {61--62},
 numpages = {2},
 url = {http://dl.acm.org/citation.cfm?id=33517.33523},
 acmid = {33523},
 publisher = {Morgan Kaufmann Publishers Inc.},
 address = {San Francisco, CA, USA},
}

@incollection{Longuet-Higgins,
 author = {Longuet-Higgins, H. C.},
 chapter = {A Computer Algorithm for Reconstructing a Scene from Two Projections},
 title = {Readings in Computer Vision: Issues, Problems, Principles, and Paradigms},
 editor = {Fischler, Martin A. and Firschein, Oscar},
 year = {1987},
 isbn = {0-934613-33-8},
 pages = {61--62},
 numpages = {2},
 url = {http://dl.acm.org/citation.cfm?id=33517.33523},
 acmid = {33523},
 publisher = {Morgan Kaufmann Publishers Inc.},
 address = {San Francisco, CA, USA},
}

@book{IBR-Book,
  author    	= {Heung-Yeung Shum, Shing-Chow Chan, Sing Bing Kang}, 
  title     	= {Image Based Rendering},
  publisher 	= {Springer Publishing},
  year      	= 2007,
  edition   	= 1,
  note      	= {Available online at: \url{http://link.springer.com/content/pdf/10.1007%2F978-0-387-32668-9.pdf} Pages cited are \textbf{Book Page} Numbers. Formula for \textbf{PDF Page} Number is (\textbf{PDF Page Number} = \textbf{Book Page Number} + 17)},
  isbn      	= {978-0-387-32668-9},
  howpublished	= {\url{http://link.springer.com/content/pdf/10.1007%2F978-0-387-32668-9.pdf}},
}

@inbook{IBR-Book-Plenoptic,
  author    	= {Heung-Yeung Shum, Shing-Chow Chan, Sing Bing Kang}, 
  title     	= {Image Based Rendering},
  publisher 	= {Springer Publishing},
  year      	= 2007,
  edition   	= 1,
  note      	= {Pages cited are Book Pages Numbers. Formula for PDF Page Number is (PDF Page Number = Book Page Number + 17)},
  isbn      	= {978-0-387-32668-9},
  pages		= {9--13}
  howpublished	= {\url{http://link.springer.com/content/pdf/10.1007%2F978-0-387-32668-9.pdf}},
}

@inbook{IBR-Book-ImplGeom,
  author    	= {Heung-Yeung Shum, Shing-Chow Chan, Sing Bing Kang}, 
  title     	= {Image Based Rendering},
  publisher 	= {Springer Publishing},
  year      	= 2007,
  edition   	= 1,
  note      	= {Pages cited are Book Pages Numbers. Formula for PDF Page Number is (PDF Page Number = Book Page Number + 17)},
  isbn      	= {978-0-387-32668-9},
  pages		= {23--27}
  howpublished	= {\url{http://link.springer.com/content/pdf/10.1007%2F978-0-387-32668-9.pdf}},
}

%% From:
%%	https://verbosus.com/bibtex-style-examples.html
@article{article,
  author  = {Peter Adams}, 
  title   = {The title of the work},
  journal = {The name of the journal},
  year    = 1993,
  number  = 2,
  pages   = {201-213},
  month   = 7,
  note    = {An optional note}, 
  volume  = 4
}

@book{book,
  author    = {Peter Babington}, 
  title     = {The title of the work},
  publisher = {The name of the publisher},
  year      = 1993,
  volume    = 4,
  series    = 10,
  address   = {The address},
  edition   = 3,
  month     = 7,
  note      = {An optional note},
  isbn      = {3257227892}
}

@booklet{booklet,
  title        = {The title of the work},
  author       = {Peter Caxton}, 
  howpublished = {How it was published},
  address      = {The address of the publisher},
  month        = 7,
  year         = 1993,
  note         = {An optional note}
}

@conference{conference,
  author       = {Peter Draper}, 
  title        = {The title of the work},
  booktitle    = {The title of the book},
  year         = 1993,
  editor       = {The editor},
  volume       = 4,
  series       = 5,
  pages        = 213,
  address      = {The address of the publisher},
  month        = 7,
  organization = {The organization},
  publisher    = {The publisher},
  note         = {An optional note}  
}

@inbook{inbook,
  author       = {Peter Eston}, 
  title        = {The title of the work},
  chapter      = 8,
  pages        = {201-213},
  publisher    = {The name of the publisher},
  year         = 1993,
  volume       = 4,
  series       = 5,
  address      = {The address of the publisher},
  edition      = 3,
  month        = 7,
  note         = {An optional note}
}

@incollection{incollection,
  author       = {Peter Farindon}, 
  title        = {The title of the work},
  booktitle    = {The title of the book},
  publisher    = {The name of the publisher},
  year         = 1993,
  editor       = {The editor},
  volume       = 4,
  series       = 5,
  chapter      = 8,
  pages        = {201-213},
  address      = {The address of the publisher},
  edition      = 3,
  month        = 7,
  note         = {An optional note}
}

@manual{manual,
  title        = {The title of the work},
  author       = {Peter Gainsford}, 
  organization = {The organization},
  address      = {The address of the publisher},
  edition      = 3,
  month        = 7,
  year         = 1993,
  note         = {An optional note}
}

@mastersthesis{mastersthesis,
  author       = {Peter Harwood}, 
  title        = {The title of the work},
  school       = {The school where the thesis was written},
  year         = 1993,
  address      = {The address of the publisher},
  month        = 7,
  note         = {An optional note}
}

@misc{misc,
  author       = {Peter Isley}, 
  title        = {The title of the work},
  howpublished = {How it was published},
  month        = 7,
  year         = 1993,
  note         = {An optional note}
}

@phdthesis{phdthesis,
  author       = {Peter Joslin}, 
  title        = {The title of the work},
  school       = {The school where the thesis was written},
  year         = 1993,
  address      = {The address of the publisher},
  month        = 7,
  note         = {An optional note}
}

@proceedings{proceedings,
  title        = {The title of the work},
  year         = 1993,
  editor       = {Peter Kidwelly},
  volume       = 4,
  series       = 5,
  address      = {The address of the publisher},
  month        = 7,
  organization = {The organization},
  publisher    = {The name of the publisher},
  note         = {An optional note}
}

@techreport{techreport,
  author       = {Peter Lambert}, 
  title        = {The title of the work},
  institution  = {The institution that published},
  year         = 1993,
  number       = 2,
  address      = {The address of the publisher},
  month        = 7,
  note         = {An optional note}
}

@unpublished{unpublished,
  author       = {Peter Marcheford}, 
  title        = {The title of the work},
  note         = {An optional note},
  month        = 7,
  year         = 1993
}
\end{thebibliography}
