\begin{thebibliography}{}
%% Formats taken from
%%		http://www.bibtex.org/Using/
%%		http://www.bibtex.org/Format/
%%		https://www.economics.utoronto.ca/osborne/latex/BIBTEX.HTM
%% 		https://verbosus.com/bibtex-style-examples.html
@inproceedings{Chen1993,
 author = {Chen, Shenchang Eric and Williams, Lance},
 title = {View Interpolation for Image Synthesis},
 booktitle = {Proceedings of the 20th Annual Conference on Computer Graphics and Interactive Techniques},
 series = {SIGGRAPH '93},
 year = {1993},
 isbn = {0-89791-601-8},
 location = {Anaheim, CA},
 pages = {279--288},
 numpages = {10},
 url = {http://doi.acm.org/10.1145/166117.166153},
 doi = {10.1145/166117.166153},
 acmid = {166153},
 publisher = {ACM},
 address = {New York, NY, USA},
 keywords = {image morphing, incremental rendering, interpolation, motion blur, motion compensation, real-time display, shadow, virtual holography, virtual reality},
}

@MISC{Fusiello1999,
    author = {Andrea Fusiello and Emanuele Trucco and Alessandro Verri and Ro Verri},
    title = {A Compact Algorithm for Rectification of Stereo Pairs},
    year = {1999}
}

@Book{Hartley2004, 
    author = "Hartley, R.~I. and Zisserman, A.",
    title = "Multiple View Geometry in Computer Vision",
    edition = "Second",
    year = "2004",
    publisher = "Cambridge University Press, ISBN: 0521540518"
}

@INPROCEEDINGS{Karathanasis1996, 
author={J. Karathanasis and D. Kalivas and J. Vlontzos}, 
booktitle={Electronics, Circuits, and Systems, 1996. ICECS '96., Proceedings of the Third IEEE International Conference on}, 
title={Disparity estimation using block matching and dynamic programming}, 
year={1996}, 
volume={2}, 
pages={728-731 vol.2}, 
keywords={dynamic programming;extrapolation;image matching;image sequences;interpolation;parameter estimation;block matching;disparity estimation algorithm;dynamic programming;extrapolation;hardware complexity;image sequence;intermediate view;interpolation;Cameras;Costs;Dynamic programming;Extrapolation;Hardware;Image sequences;Interpolation;Layout;Pixel;Testing}, 
doi={10.1109/ICECS.1996.584465}, 
month={Oct},}

@incollection{LonguetHiggins1981,
 author = {Longuet-Higgins, H. C.},
 chapter = {A Computer Algorithm for Reconstructing a Scene from Two Projections},
 title = {Readings in Computer Vision: Issues, Problems, Principles, and Paradigms},
 editor = {Fischler, Martin A. and Firschein, Oscar},
 year = {1987},
 isbn = {0-934613-33-8},
 pages = {61--62},
 numpages = {2},
 url = {http://dl.acm.org/citation.cfm?id=33517.33523},
 acmid = {33523},
 publisher = {Morgan Kaufmann Publishers Inc.},
 address = {San Francisco, CA, USA},
}

@inproceedings{Mark1997,
 author = {Mark, William R. and McMillan, Leonard and Bishop, Gary},
 title = {Post-rendering 3D Warping},
 booktitle = {Proceedings of the 1997 Symposium on Interactive 3D Graphics},
 series = {I3D '97},
 year = {1997},
 isbn = {0-89791-884-3},
 location = {Providence, Rhode Island, USA},
 pages = {7--ff.},
 url = {http://doi.acm.org/10.1145/253284.253292},
 doi = {10.1145/253284.253292},
 acmid = {253292},
 publisher = {ACM},
 address = {New York, NY, USA},
}

@inproceedings{Martin2008,
 author = {Martin, N. and Roy, S.},
 title = {Fast View Interpolation from Stereo: Simpler can be Better},
 booktitle = {Fourth International Symposium on 3D Data Processing, Visualization and Transmission},
 series = {Proceedings of 3DPVT'08},
 year = {2008},
%% isbn = {0-89791-601-8},
location = {Atlanta, GA},
%% pages = {279--288},
 numpages = {8},
 url = {http://www.cc.gatech.edu/conferences/3DPVT08/Program/Papers/paper213.pdf},
%% doi = {10.1145/166117.166153},
%% acmid = {166153},
%% publisher = {ACM},
%% address = {New York, NY, USA},
%% keywords = {image morphing, incremental rendering, interpolation, motion blur, motion compensation, real-time display, shadow, virtual holography, virtual reality},
}


@INPROCEEDINGS{Park2003, 
	author={Joon Hong Park and HyunWook Park}, 
	booktitle={Image Processing, 2003. ICIP 2003. Proceedings. 2003 International Conference on}, 
	title={Fast view interpolation of stereo images using image gradient and disparity triangulation}, 
	year={2003}, 
	volume={1}, 
	pages={I-381-4 vol.1}, 
	keywords={image classification;image matching;interpolation;mesh generation;stereo image processing;Delaunay triangulation;disparity triangulation;fast view interpolation;image gradient;image warping;intermediate-view images;matching errors;stereo images;Capacitive sensors;Computational complexity;Image coding;Image generation;Image sequences;Interpolation;Layout;Paper technology;Three dimensional TV;Videos}, 
	doi={10.1109/ICIP.2003.1246978}, 
	ISSN={1522-4880}, 
	month={Sept},
}

@book{Scharstein1999,
 author = {Scharstein, Daniel},
 title = {View Synthesis Using Stereo Vision},
 year = {1999},
 isbn = {3-540-66159-X},
 publisher = {Springer-Verlag},
 address = {Berlin, Heidelberg},
}

@article{Scharstein2002,
 author = {Scharstein, Daniel and Szeliski, Richard},
 title = {A Taxonomy and Evaluation of Dense Two-Frame Stereo Correspondence Algorithms},
 journal = {Int. J. Comput. Vision},
 issue_date = {April-June 2002},
 volume = {47},
 number = {1-3},
 month = apr,
 year = {2002},
 issn = {0920-5691},
 pages = {7--42},
 numpages = {36},
 url = {http://dx.doi.org/10.1023/A:1014573219977},
 doi = {10.1023/A:1014573219977},
 acmid = {598475},
 publisher = {Kluwer Academic Publishers},
 address = {Hingham, MA, USA},
 keywords = {evaluation of performance, stereo correspondence software, stereo matching survey},
}

@book{Shum2007,
  author    	= {Heung-Yeung Shum, Shing-Chow Chan, Sing Bing Kang}, 
  title     	= {Image Based Rendering},
  publisher 	= {Springer Publishing},
  year      	= 2007,
  edition   	= 1,
  note      	= {Available online at: \url{http://link.springer.com/content/pdf/10.1007%2F978-0-387-32668-9.pdf} Pages cited are \textbf{Book Page} Numbers. Formula for \textbf{PDF Page} Number is (\textbf{PDF Page Number} = \textbf{Book Page Number} + 17)},
  isbn      	= {978-0-387-32668-9},
  howpublished	= {\url{http://link.springer.com/content/pdf/10.1007%2F978-0-387-32668-9.pdf}},
}

%% From:
%%	https://verbosus.com/bibtex-style-examples.html
@article{article,
  author  = {Peter Adams}, 
  title   = {The title of the work},
  journal = {The name of the journal},
  year    = 1993,
  number  = 2,
  pages   = {201-213},
  month   = 7,
  note    = {An optional note}, 
  volume  = 4
}

@book{book,
  author    = {Peter Babington}, 
  title     = {The title of the work},
  publisher = {The name of the publisher},
  year      = 1993,
  volume    = 4,
  series    = 10,
  address   = {The address},
  edition   = 3,
  month     = 7,
  note      = {An optional note},
  isbn      = {3257227892}
}

@booklet{booklet,
  title        = {The title of the work},
  author       = {Peter Caxton}, 
  howpublished = {How it was published},
  address      = {The address of the publisher},
  month        = 7,
  year         = 1993,
  note         = {An optional note}
}

@conference{conference,
  author       = {Peter Draper}, 
  title        = {The title of the work},
  booktitle    = {The title of the book},
  year         = 1993,
  editor       = {The editor},
  volume       = 4,
  series       = 5,
  pages        = 213,
  address      = {The address of the publisher},
  month        = 7,
  organization = {The organization},
  publisher    = {The publisher},
  note         = {An optional note}  
}

@inbook{inbook,
  author       = {Peter Eston}, 
  title        = {The title of the work},
  chapter      = 8,
  pages        = {201-213},
  publisher    = {The name of the publisher},
  year         = 1993,
  volume       = 4,
  series       = 5,
  address      = {The address of the publisher},
  edition      = 3,
  month        = 7,
  note         = {An optional note}
}

@incollection{incollection,
  author       = {Peter Farindon}, 
  title        = {The title of the work},
  booktitle    = {The title of the book},
  publisher    = {The name of the publisher},
  year         = 1993,
  editor       = {The editor},
  volume       = 4,
  series       = 5,
  chapter      = 8,
  pages        = {201-213},
  address      = {The address of the publisher},
  edition      = 3,
  month        = 7,
  note         = {An optional note}
}

@manual{manual,
  title        = {The title of the work},
  author       = {Peter Gainsford}, 
  organization = {The organization},
  address      = {The address of the publisher},
  edition      = 3,
  month        = 7,
  year         = 1993,
  note         = {An optional note}
}

@mastersthesis{mastersthesis,
  author       = {Peter Harwood}, 
  title        = {The title of the work},
  school       = {The school where the thesis was written},
  year         = 1993,
  address      = {The address of the publisher},
  month        = 7,
  note         = {An optional note}
}

@misc{misc,
  author       = {Peter Isley}, 
  title        = {The title of the work},
  howpublished = {How it was published},
  month        = 7,
  year         = 1993,
  note         = {An optional note}
}

@phdthesis{phdthesis,
  author       = {Peter Joslin}, 
  title        = {The title of the work},
  school       = {The school where the thesis was written},
  year         = 1993,
  address      = {The address of the publisher},
  month        = 7,
  note         = {An optional note}
}

@proceedings{proceedings,
  title        = {The title of the work},
  year         = 1993,
  editor       = {Peter Kidwelly},
  volume       = 4,
  series       = 5,
  address      = {The address of the publisher},
  month        = 7,
  organization = {The organization},
  publisher    = {The name of the publisher},
  note         = {An optional note}
}

@techreport{techreport,
  author       = {Peter Lambert}, 
  title        = {The title of the work},
  institution  = {The institution that published},
  year         = 1993,
  number       = 2,
  address      = {The address of the publisher},
  month        = 7,
  note         = {An optional note}
}

@unpublished{unpublished,
  author       = {Peter Marcheford}, 
  title        = {The title of the work},
  note         = {An optional note},
  month        = 7,
  year         = 1993
}
\end{thebibliography}
