\begin{thebibliography}{}
@incollection{Longuet-Higgins:1987:CAR:33517.33523,
 author = {Longuet-Higgins, H. C.},
 chapter = {A Computer Algorithm for Reconstructing a Scene from Two Projections},
 title = {Readings in Computer Vision: Issues, Problems, Principles, and Paradigms},
 editor = {Fischler, Martin A. and Firschein, Oscar},
 year = {1987},
 isbn = {0-934613-33-8},
 pages = {61--62},
 numpages = {2},
 url = {http://dl.acm.org/citation.cfm?id=33517.33523},
 acmid = {33523},
 publisher = {Morgan Kaufmann Publishers Inc.},
 address = {San Francisco, CA, USA},
}
@incollection{Longuet-Higgins,
 author = {Longuet-Higgins, H. C.},
 chapter = {A Computer Algorithm for Reconstructing a Scene from Two Projections},
 title = {Readings in Computer Vision: Issues, Problems, Principles, and Paradigms},
 editor = {Fischler, Martin A. and Firschein, Oscar},
 year = {1987},
 isbn = {0-934613-33-8},
 pages = {61--62},
 numpages = {2},
 url = {http://dl.acm.org/citation.cfm?id=33517.33523},
 acmid = {33523},
 publisher = {Morgan Kaufmann Publishers Inc.},
 address = {San Francisco, CA, USA},
}
\end{thebibliography}
